@incollection {vakar14,
    AUTHOR = {V\'ak\'ar, Matthijs},
     TITLE = {A categorical semantics for linear logical frameworks},
 BOOKTITLE = {Foundations of software science and computation structures},
    SERIES = {Lecture Notes in Comput. Sci.},
    VOLUME = {9034},
     PAGES = {102--116},
 PUBLISHER = {Springer, Heidelberg},
      YEAR = {2015},
   MRCLASS = {68Q55 (68R10)},
  MRNUMBER = {3354237},
MRREVIEWER = {Alexandra Silva},
       URL = {https://doi.org/10.1007/978-3-662-46678-0_7},
}
@book {semanticsofTT,
    AUTHOR = {Streicher, Thomas},
     TITLE = {Semantics of type theory},
    SERIES = {Progress in Theoretical Computer Science},
      NOTE = {Correctness, completeness and independence results,
              With a foreword by Martin Wirsing},
 PUBLISHER = {Birkh\"auser Boston, Inc., Boston, MA},
      YEAR = {1991},
     PAGES = {xii+298},
      ISBN = {0-8176-3594-7},
   MRCLASS = {68Q55 (03B40 03B70 03F50 06B35 68Q65)},
  MRNUMBER = {1134134},
MRREVIEWER = {John C. Mitchell},
       URL = {https://doi.org/10.1007/978-1-4612-0433-6},
}

@article{hofstra2004partial,
  title={Partial combinatory algebras and realizability toposes},
  author={Hofstra, Pieter JW},
  journal={University of Ottowa},
  year={2004}
}


@unpublished{stay2016logic,
  title={Logic as a distributive law},
  author={Stay, Mike and Meredith, Lucius Gregory},
  note={preprint},
  eprint={1610.02247},
  year={2016}
}

@article {pllcoherence,
    AUTHOR = {Lumsdaine, Peter LeFanu and Warren, Michael A.},
     TITLE = {The local universes model: an overlooked coherence
              construction for dependent type theories},
   JOURNAL = {ACM Trans. Comput. Log.},
  FJOURNAL = {ACM Transactions on Computational Logic},
    VOLUME = {16},
      YEAR = {2015},
    NUMBER = {3},
     PAGES = {Art. 23, 31},
      ISSN = {1529-3785},
   MRCLASS = {68Q55 (03B40)},
  MRNUMBER = {3372323},
MRREVIEWER = {Julio Rubio},
       URL = {https://doi.org/10.1145/2754931},
}

@article {girard1987linear,
    AUTHOR = {Girard, Jean-Yves},
     TITLE = {Linear logic},
   JOURNAL = {Theoret. Comput. Sci.},
  FJOURNAL = {Theoretical Computer Science},
    VOLUME = {50},
      YEAR = {1987},
    NUMBER = {1},
     PAGES = {101},
      ISSN = {0304-3975},
   MRCLASS = {03F50 (03B70 68Q99)},
  MRNUMBER = {899269},
MRREVIEWER = {G. E. Mints},
       URL = {https://doi.org/10.1016/0304-3975(87)90045-4},
}

@unpublished{lurie2006stable,
  title={Stable infinity categories},
  author={Lurie, Jacob},
  note={preprint},
  eprint = {math/0608228},
  year={2006}
}

@unpublished{schreiber2014quantization,
  title={Quantization via Linear homotopy types},
  author={Schreiber, Urs},
  note = {preprint},
  eprint={1402.7041},
  year={2014}
}

@article {baez1995higher,
    AUTHOR = {Baez, John C. and Dolan, James},
     TITLE = {Higher-dimensional algebra and topological quantum field
              theory},
   JOURNAL = {J. Math. Phys.},
  FJOURNAL = {Journal of Mathematical Physics},
    VOLUME = {36},
      YEAR = {1995},
    NUMBER = {11},
     PAGES = {6073--6105},
      ISSN = {0022-2488},
   MRCLASS = {18D05 (55P42 57R57)},
  MRNUMBER = {1355899},
       URL = {https://doi.org/10.1063/1.531236},
}

@incollection {n-cats,
    AUTHOR = {Baez, John C. and Shulman, Michael},
     TITLE = {Lectures on {$n$}-categories and cohomology},
 BOOKTITLE = {Towards higher categories},
    SERIES = {IMA Vol. Math. Appl.},
    VOLUME = {152},
     PAGES = {1--68},
 PUBLISHER = {Springer, New York},
      YEAR = {2010},
   MRCLASS = {18G50 (18B25 18D05 55S45)},
  MRNUMBER = {2664619},
       URL = {https://doi.org/10.1007/978-1-4419-1524-5_1},
}

@incollection {lccc,
    AUTHOR = {Hofmann, Martin},
     TITLE = {On the interpretation of type theory in locally {C}artesian
              closed categories},
 BOOKTITLE = {Computer science logic ({K}azimierz, 1994)},
    SERIES = {Lecture Notes in Comput. Sci.},
    VOLUME = {933},
     PAGES = {427--441},
 PUBLISHER = {Springer, Berlin},
      YEAR = {1995},
   MRCLASS = {03B15 (03G30 68Q55)},
  MRNUMBER = {1471244},
       URL = {https://doi.org/10.1007/BFb0022273},
}

@incollection {mellies,
    AUTHOR = {Melli\`es, Paul-Andr\'e},
     TITLE = {Categorical semantics of linear logic},
 BOOKTITLE = {Interactive models of computation and program behavior},
    SERIES = {Panor. Synth\`eses},
    VOLUME = {27},
     PAGES = {1--196},
 PUBLISHER = {Soc. Math. France, Paris},
      YEAR = {2009},
   MRCLASS = {03-02 (03B47 03F07 03F52 18A40 18C50)},
  MRNUMBER = {2675257},
}

@article {kelly,
    AUTHOR = {Kelly, G. M.},
     TITLE = {Basic concepts of enriched category theory},
      NOTE = {Reprint of the 1982 original [Cambridge Univ. Press,
              Cambridge; MR0651714]},
   JOURNAL = {Repr. Theory Appl. Categ.},
  FJOURNAL = {Reprints in Theory and Applications of Categories},
    NUMBER = {10},
      YEAR = {2005},
     PAGES = {vi+137},
   MRCLASS = {18-02 (00B60 18D10 18D20)},
  MRNUMBER = {2177301},
}

@phdthesis{duncan2006types,
  title={Types for quantum computing},
  author={Duncan, Ross and others},
  year={2006},
  school={University of Oxford}
}

@InProceedings{licata2017fibrational,
  author =	{Daniel R. Licata and Michael Shulman and Mitchell Riley},
  title =	{{A Fibrational Framework for Substructural and Modal Logics}},
  booktitle =	{2nd International Conference on Formal Structures for Computation and Deduction (FSCD 2017)},
  pages =	{25:1--25:22},
  series =	{Leibniz International Proceedings in Informatics (LIPIcs)},
  ISBN =	{978-3-95977-047-7},
  ISSN =	{1868-8969},
  year =	{2017},
  volume =	{84},
  editor =	{Dale Miller},
  publisher =	{Schloss Dagstuhl--Leibniz-Zentrum fuer Informatik},
  address =	{Dagstuhl, Germany},
  URL =		{http://drops.dagstuhl.de/opus/volltexte/2017/7740},
  URN =		{urn:nbn:de:0030-drops-77400},
  doi =		{10.4230/LIPIcs.FSCD.2017.25},
  annote =	{Keywords: type theory, modal logic, substructural logic, homotopy type theory}
}

@incollection {benton1995mixed,
    AUTHOR = {Benton, P. N.},
     TITLE = {A mixed linear and non-linear logic: proofs, terms and models
              (extended abstract)},
 BOOKTITLE = {Computer science logic ({K}azimierz, 1994)},
    SERIES = {Lecture Notes in Comput. Sci.},
    VOLUME = {933},
     PAGES = {121--135},
 PUBLISHER = {Springer, Berlin},
      YEAR = {1995},
   MRCLASS = {03F50},
  MRNUMBER = {1471222},
       URL = {https://doi.org/10.1007/BFb0022251},
}

@book{barber1996dual,
  title={Dual intuitionistic linear logic},
  author={Barber, Andrew},
  year={1996},
  url = {http://www.lfcs.inf.ed.ac.uk/reports/96/ECS-LFCS-96-347/index.html}
}

@unpublished{meredith2015linear,
  title={Linear Types Can Change the Blockchain},
  author={Meredith, Lucius Gregory},
  note={preprint},
  eprint={1506.01001},
  year={2015}
}

@unpublished{smcat,
  title={Tensor product for symmetric monoidal categories},
  author={Schmitt, Vincent},
  note={preprint},
  eprint={0711.0324},
  year={2007}
}

@inbook{nothing,
title = "I got plenty o’ nuttin’",
keywords = "computer science, computers, dependent types, in contexts, linear implications, linear types, meta-theory, runtimes, type theory, artificial intelligence",
author = "Conor McBride",
year = "2016",
month = "3",
doi = "10.1007/978-3-319-30936-1_12",
isbn = "9783319309354",
series = "Lecture Notes in Computer Science (including subseries Lecture Notes in Artificial Intelligence and Lecture Notes in Bioinformatics)",
publisher = "Springer",
pages = "207--233",
booktitle = "A List of Successes That Can Change the World",
}

@article {SMGpd,
    AUTHOR = {Calvo, M. and Cegarra, A. M. and Heredia, B. A.},
     TITLE = {Structure and classification of monoidal groupoids},
   JOURNAL = {Semigroup Forum},
  FJOURNAL = {Semigroup Forum},
    VOLUME = {87},
      YEAR = {2013},
    NUMBER = {1},
     PAGES = {35--79},
      ISSN = {0037-1912},
   MRCLASS = {18D10 (18B40)},
  MRNUMBER = {3079772},
MRREVIEWER = {Alessandro Ardizzoni},
       URL = {https://doi.org/10.1007/s00233-013-9470-2},
}

@book {awodey2010category,
    AUTHOR = {Awodey, Steve},
     TITLE = {Category theory},
    SERIES = {Oxford Logic Guides},
    VOLUME = {52},
   EDITION = {Second},
 PUBLISHER = {Oxford University Press, Oxford},
      YEAR = {2010},
     PAGES = {xvi+311},
      ISBN = {978-0-19-923718-0},
   MRCLASS = {18-01 (03G30 18A25)},
  MRNUMBER = {2668552},
}

@article {shulmanmonoidal,
    AUTHOR = {Shulman, Michael},
     TITLE = {Framed bicategories and monoidal fibrations},
   JOURNAL = {Theory Appl. Categ.},
  FJOURNAL = {Theory and Applications of Categories},
    VOLUME = {20},
      YEAR = {2008},
     PAGES = {No. 18, 650--738},
      ISSN = {1201-561X},
   MRCLASS = {18D05 (18D10 18D30)},
  MRNUMBER = {2534210},
}

@book {hott-book,
    AUTHOR = {The Univalent Foundations Program},
     TITLE = {Homotopy type theory---univalent foundations of mathematics},
 PUBLISHER = {The Univalent Foundations Program, Princeton, NJ; Institute
              for Advanced Study (IAS), Princeton, NJ},
      YEAR = {2013},
     PAGES = {xiv+589},
   MRCLASS = {03-02 (03B15 55U35)},
  MRNUMBER = {3204653},
MRREVIEWER = {Julio Rubio},
}

@inproceedings{krishnaswami,
  title={Integrating linear and dependent types},
  author={Krishnaswami, Neelakantan R and Pradic, Pierre and Benton, Nick},
  booktitle={ACM SIGPLAN Notices},
  volume={50},
  pages={17--30},
  year={2015},
  month = jan,
  url = {http://www.cs.bham.ac.uk/~krishnan/dlnl-paper.pdf},
  organization={ACM}
}

@article {elmendorf2009permutative,
    AUTHOR = {Elmendorf, A. D. and Mandell, M. A.},
     TITLE = {Permutative categories, multicategories and algebraic
              {$K$}-theory},
   JOURNAL = {Algebr. Geom. Topol.},
  FJOURNAL = {Algebraic \& Geometric Topology},
    VOLUME = {9},
      YEAR = {2009},
    NUMBER = {4},
     PAGES = {2391--2441},
      ISSN = {1472-2747},
   MRCLASS = {19D23 (18D10 18D50 55P42 55U35)},
  MRNUMBER = {2558315},
       URL = {https://doi.org/10.2140/agt.2009.9.2391},
}

@incollection {hofmann1998,
    AUTHOR = {Hofmann, Martin and Streicher, Thomas},
     TITLE = {The groupoid interpretation of type theory},
 BOOKTITLE = {Twenty-five years of constructive type theory ({V}enice,
              1995)},
    SERIES = {Oxford Logic Guides},
    VOLUME = {36},
     PAGES = {83--111},
 PUBLISHER = {Oxford Univ. Press, New York},
      YEAR = {1998},
   MRCLASS = {03B15 (68N15 68Q55)},
  MRNUMBER = {1686862},
}

@misc{shulSpec,
  author = {Mike Shulman},
  title = {Spectral Sequences},
  howpublished = {\url{https://homotopytypetheory.org/2013/08/08/spectral-sequences/}},
  note = {Accessed: 2017-03-08}
}

@misc{eatitself,
  author = {Mike Shulman},
  title = {Homotopy Type Theory should eat itself (but so far, it’s too big to swallow)},
  howpublished = {\url{https://homotopytypetheory.org/2014/03/03/hott-should-eat-itself/}},
  note = {Accessed: 2017-04-02}
}

@incollection {zawadowski,
    AUTHOR = {Zawadowski, Marek},
     TITLE = {Lax monoidal fibrations},
 BOOKTITLE = {Models, logics, and higher-dimensional categories},
    SERIES = {CRM Proc. Lecture Notes},
    VOLUME = {53},
     PAGES = {341--426},
 PUBLISHER = {Amer. Math. Soc., Providence, RI},
      YEAR = {2011},
   MRCLASS = {18D10 (18D05)},
  MRNUMBER = {2867978},
MRREVIEWER = {Stephen Lack},
}

@article {jacobs,
    AUTHOR = {Jacobs, Bart},
     TITLE = {Comprehension categories and the semantics of type dependency},
   JOURNAL = {Theoret. Comput. Sci.},
  FJOURNAL = {Theoretical Computer Science},
    VOLUME = {107},
      YEAR = {1993},
    NUMBER = {2},
     PAGES = {169--207},
      ISSN = {0304-3975},
   MRCLASS = {18D30 (03G30 68Q55)},
  MRNUMBER = {1201808},
MRREVIEWER = {Ji\v r\'\i  Ad\'amek},
       URL = {https://doi.org/10.1016/0304-3975(93)90169-T},
}

@book {martin1984intuitionistic,
    AUTHOR = {Martin-L\"of, Per},
     TITLE = {Intuitionistic type theory},
    SERIES = {Studies in Proof Theory. Lecture Notes},
    VOLUME = {1},
      NOTE = {Notes by Giovanni Sambin},
 PUBLISHER = {Bibliopolis, Naples},
      YEAR = {1984},
     PAGES = {iv+91},
      ISBN = {88-7088-105-9},
   MRCLASS = {03B15 (03F50 03F55)},
  MRNUMBER = {769301},
MRREVIEWER = {M. M. Richter},
}

@incollection {hofmann1997syntax,
    AUTHOR = {Hofmann, Martin},
     TITLE = {Syntax and semantics of dependent types},
 BOOKTITLE = {Semantics and logics of computation ({C}ambridge, 1995)},
    SERIES = {Publ. Newton Inst.},
    VOLUME = {14},
     PAGES = {79--130},
 PUBLISHER = {Cambridge Univ. Press, Cambridge},
      YEAR = {1997},
   MRCLASS = {03B70 (68N15 68Q55)},
  MRNUMBER = {1629519},
       URL = {https://doi.org/10.1017/CBO9780511526619.004},
}

@article{BooijELS17,
  author    = {Auke Bart Booij and
               Mart{\'{\i}}n H{\"{o}}tzel Escard{\'{o}} and
               Peter LeFanu Lumsdaine and
               Michael Shulman},
  title     = {Parametricity, automorphisms of the universe, and excluded middle},
  journal   = {CoRR},
  volume    = {abs/1701.05617},
  year      = {2017},
  url       = {http://arxiv.org/abs/1701.05617},
  timestamp = {Wed, 01 Feb 2017 17:47:56 +0100},
  biburl    = {http://dblp.uni-trier.de/rec/bib/journals/corr/BooijELS17},
  bibsource = {dblp computer science bibliography, http://dblp.org}
}

@inbook{0e6dd991f14743a99efddde7937172c1,
title = "A linear dependent type theory",
author = "Zhaohui Luo and Y Zhang",
year = "2016",
month = "5",
booktitle = "TYPES 2016",
}
